<?xml version="1.0" encoding="UTF-8"?><collection xmlns="http://www.loc.gov/MARC21/slim"><record><leader>00580nam--2200181-i-4500</leader><controlfield tag="001">000034876</controlfield><controlfield tag="002">20161230</controlfield><controlfield tag="005">20170115230757</controlfield><controlfield tag="008">060222s1000------------r-----000-0-eng-d</controlfield><datafield ind1=" " ind2=" " tag="040"><subfield code="a">IFN-HH</subfield></datafield><datafield ind1=" " ind2=" " tag="080"><subfield code="a">537.533.3</subfield></datafield><datafield ind1="1" ind2=" " tag="100"><subfield code="a">Nagy, Gyula Andr©Łs</subfield></datafield><datafield ind1="1" ind2="0" tag="245"><subfield code="a">Introduction to the theory of space-charge optics</subfield><subfield code="b">Foreword by Dennis Gabor translated by Gy.F. Laszlo, M. Szilagyi</subfield><subfield code="c">Gyula Andras Nagy, Miklos Szilagyi</subfield></datafield><datafield ind1=" " ind2=" " tag="260"><subfield code="a">Budapest</subfield><subfield code="b">Akad©♭miai Kiad©đ</subfield><subfield code="c">1974</subfield></datafield><datafield ind1=" " ind2=" " tag="300"><subfield code="a">514 p</subfield></datafield><datafield ind1="1" ind2=" " tag="700"><subfield code="a">Szil©Łgyi, Mikl©đs</subfield></datafield><datafield ind1=" " ind2=" " tag="852"><subfield code="a">42339</subfield><subfield code="c">537.533.3</subfield></datafield><datafield ind1=" " ind2=" " tag="CAT"><subfield code="a">SYS</subfield><subfield code="c">20170115</subfield><subfield code="h">230757</subfield></datafield></record></collection>